@article{Donoho,
author = {David Donoho},
title = {50 Years of Data Science},
journal = {Journal of Computational and Graphical Statistics},
volume = {26},
number = {4},
pages = {745-766},
year = {2017},
publisher = {Taylor & Francis},
URL = {https://doi.org/10.1080/10618600.2017.1384734}
}

@article{Ryan,
author = {Ryan Urbanowicz},
title = {proposed field/term Venn diagram},
year = {2018},
publisher = {x.com},
URL = {https://twitter.com/DocUrbs/status/1007375834347376642?lang=en}
}

@incollection{KOTU20191,
title = {Chapter 1 - Introduction},
editor = {Vijay Kotu and Bala Deshpande},
booktitle = {Data Science (Second Edition)},
publisher = {Morgan Kaufmann},
edition = {Second Edition},
year = {2019},
url = {https://www.sciencedirect.com/science/article/pii/B9780128147610000010},
author = {Vijay Kotu and Bala Deshpande}
}

@article{Prabhu,
author = {Prabhu},
title = {The Rise of MLOps: Managing Machine Learning at Scale},
year = {2023},
publisher = {medium.com},
URL = {https://medium.com/aimonks/the-rise-of-mlops-managing-machine-learning-at-scale-e31ea4a0039f}
}

@article{Gugel,
author = {Google},
title = {Google I/O 2023},
year = {2023},
publisher = {www.youtube.com},
URL = {https://www.youtube.com/watch?v=QpBTM0GO6xI&list=TLGGCy91ScdjTPYwNTEyMjAyMw}
}

@inproceedings{NIPS2015_86df7dcf,
 author = {Sculley, D. and Holt, Gary and Golovin, Daniel and Davydov, Eugene and Phillips, Todd and Ebner, Dietmar and Chaudhary, Vinay and Young, Michael and Crespo, Jean-Fran\c{c}ois and Dennison, Dan},
 booktitle = {Advances in Neural Information Processing Systems},
 editor = {C. Cortes and N. Lawrence and D. Lee and M. Sugiyama and R. Garnett},
 pages = {},
 publisher = {Curran Associates, Inc.},
 title = {Hidden Technical Debt in Machine Learning Systems},
 url = {https://proceedings.neurips.cc/paper_files/paper/2015/file/86df7dcfd896fcaf2674f757a2463eba-Paper.pdf},
 volume = {28},
 year = {2015}
}

@article{alex,
author = {Alex Watson},
title = {Synthetic Data and the Data-centric Machine Learning Life Cycle},
year = {2022},
publisher = {gretel.ai},
URL = {https://gretel.ai/blog/synthetic-data-and-the-data-centric-machine-learning-life-cycle}
}


@article{nvidia,
author = {NVIDIA},
title = {GPU Accelerated Data Science with RAPIDS},
URL = {https://www.nvidia.com/en-us/deep-learning-ai/software/rapids/}
}


@article{nextplatform,
author = {T. P. Morgan},
title = {Deep Dive Into Nvidia’s “Hopper” GPU Architecture},
year = {2022},
URL = {https://www.nextplatform.com/2022/03/31/deep-dive-into-nvidias-hopper-gpu-architecture/}
}

@article{andrew,
author = {DeepLearningAI},
title = {A Chat with Andrew on MLOps: From Model-centric to Data-centric AI},
year = {2021},
URL = {https://www.youtube.com/watch?v=06-AZXmwHjo&t=69s}
}

@article{andrewGTC,
author = {NVIDIA GTC 2022},
title = {The Data-centric AI Movement},
year = {2022},
URL = {https://www.nvidia.com/en-us/on-demand/session/gtcspring22-s42658/}
}


